@string{mapwiki      = "The Mapping Wiki"}

@article{TheMappingWiki:2004,
   author = {Various},
   title = {Mapper Tournament},
 journal = https://docs.google.com/spreadsheets/d/1TUIrBKAhak6qVjFM6McixqVQy9gHtMCZOy_wZWbtDg0/edit?gid=0#gid=0
   year = 2024
}

@string{comp      = "MT Statistics"}

@article{MT:2024,
   author = {Various},
   title = {Mapper Tournament Statistics},
   journal = https://themapping.fandom.com/wiki/Mapper_Tournament
   year = 2024
}